% This file was created with JabRef 2.10.
% Encoding: UTF8
@Article{Galantai2008,
  author = 	 {A. Gal\'{a}ntai},
  title = 	 {Subspaces, angles and pairs of orthogonal projections},
  journal =  {Linear and Multilinear Algebra},
  year = 	 {2008},
  volume =	 {56},
  number =	 {3},
  pages =	 {227--260},
}
@article{moreira2013tutorial,
  title={A tutorial on synthetic aperture radar},
  author={Moreira, Alberto and Prats-Iraola, Pau and Younis, Marwan and Krieger, Gerhard and Hajnsek, Irena and Papathanassiou, Konstantinos P},
  journal={IEEE Geoscience and remote sensing magazine},
  volume={1},
  number={1},
  pages={6--43},
  year={2013},
  publisher={IEEE}
}
@phdthesis{sarlette2009geometry,
  title={Geometry and symmetries in coordination control},
  author={Sarlette, Alain},
  year={2009},
  school={Universit{\'e} de Li{\`e}ge}
}
@article{sarlette2009consensus,
  title={Consensus optimization on manifolds},
  author={Sarlette, Alain and Sepulchre, Rodolphe},
  journal={SIAM Journal on Control \& Optimization},
  volume={48},
  pages={56--76},
  year={2009}
}
@article{ren2007distributed,
  title={Distributed attitude alignment in spacecraft formation flying},
  author={Ren, Wei},
  journal={International journal of adaptive control and signal processing},
  volume={21},
  number={2-3},
  pages={95--113},
  year={2007},
  publisher={Wiley Online Library}
}
@article{krieger2007tandem,
  title={TanDEM-X: A satellite formation for high-resolution SAR interferometry},
  author={Krieger, Gerhard and Moreira, Alberto and Fiedler, Hauke and Hajnsek, Irena and Werner, Marian and Younis, Marwan and Zink, Manfred},
  journal={IEEE Transactions on Geoscience and Remote Sensing},
  volume={45},
  number={11},
  pages={3317--3341},
  year={2007},
  publisher={IEEE}
}
@inproceedings{krieger2009earth,
  title={Earth observation with SAR satellite formations: new techniques and innovative products},
  author={Krieger, Gerhard and Fiedler, Hauke and Moreira, Alberto},
  booktitle={Proceedings of the IAA Symposium on Small Satellites for Earth Observation},
  year={2009}
}
@article{zhang2014distributed,
  title={Distributed Concurrent Targeting for Linear Arrays of Point Sources},
  author={Zhang, Fan and Ramazi, Pouria and Cao, Ming},
  journal={IFAC Proceedings Volumes},
  volume={47},
  number={3},
  pages={8323--8328},
  year={2014},
  publisher={Elsevier}
}
@article{kim2015consensus,
  title={Consensus-based coordination and control for building automation systems},
  author={Kim, B.-Y. and Ahn, H.-S.},
  journal={IEEE Transactions on Control Systems Technology},
  volume={23},
  number={1},
  pages={364--371},
  year={2015},
  publisher={IEEE}
}
@article{olfati2007consensuspieee,
  title={Consensus and cooperation in networked multi-agent systems},
  author={R. Olfati-Saber and J. A. Fax and R. M. Murray},
  journal={Proceedings of the IEEE},
  volume={95},
  number={1},
  pages={215--233},
  year={2007},
  publisher={IEEE}
}
@inproceedings{wongpiromsarn2010consensus,
  title={A consensus approach to the assignment problem: Application to mobile sensor dispatch},
  author={Wongpiromsarn, T. and You, K. and Xie, L.},
  booktitle={Control and Automation (ICCA), 2010 8th IEEE International Conference on},
  pages={2024--2029},
  year={2010},
  organization={IEEE}
}
@Article{Wang2010,
  author = 	 {L. Wang and F. Xiao},
  title = 	 {Finite-Time Consensus Problems for Networks of Dynamic Agents},
  journal =  {IEEE Transactions on Automatic Control},
  year = 	 {2010},
  volume =	 {55},
  number = {4},
  pages =	 {950–-955},
}
@Book{Hardy,
  Author =	 {G. Hardy and J. E. Littlewood and G. P\'{o}lya},
  Title = 	 {Inequalities},
  Address = {Cambridge University Press},
  Publisher = {Cambridge Mathematical Library},
  Edition = {Second},
  Year = 	 1952
}
@article{cortes2006finite,
  title={Finite-time convergent gradient flows with applications to network consensus},
  author={Cort{\'e}S, Jorge},
  journal={Automatica},
  volume={42},
  number={11},
  pages={1993--2000},
  year={2006},
  publisher={Elsevier}
}
@article{Wang2010finite,
  title={Finite-time consensus problems for networks of dynamic agents},
  author={Wang, Long and Xiao, Feng},
  journal={IEEE Transactions on Automatic Control},
  volume={55},
  number={4},
  pages={950--955},
  year={2010},
  publisher={IEEE}
}
@article{lee2016distributed,
  title={Distributed formation control via global orientation estimation},
  author={Lee, Byung-Hun and Ahn, Hyo-Sung},
  journal={Automatica},
  volume={73},
  pages={125--129},
  year={2016},
  publisher={Elsevier}
}
@incollection{plastria2011weiszfeld,
  title={The Weiszfeld algorithm: {P}roof, {A}mendments, and {E}xtensions},
  author={Plastria, Frank},
  booktitle={Foundations of location analysis},
  pages={357--389},
  year={2011},
  publisher={Springer}
}
@Article{Cortes2007,
  author = 	 {J. Cort\'{e}s},
  title = 	 {Distributed algorithms for reaching consensus on general functions},
  journal =  {Automatica},
  year = 	 {2007},
  volume =	 {44},
  pages =	 {726–-737},
}

@Article{Weiszfeld1937,
  author = 	 {E. Weiszfeld},
  title = 	 {Sur le point pour lequel la somme des distances de $n$ points donn\'{e}es est minimum},
  journal =  {T\^{o}hoku Mathematics Journal},
  year = 	 {1937},
  volume =	 {43},
  pages =	 {355--386},
}

@Article{Brimberg1995,
  author = 	 {J. Brimberg},
  title = 	 {The {F}ermat--{W}eber location problem revisited},
  journal =  {Mathematical Programing},
  year = 	 {1995},
  volume =	 {71},
  pages =	 {71--76},
}

@article{Xiao2004,
  title={Fast linear iterations for distributed averaging},
  author={Xiao, Lin and Boyd, Stephen},
  journal={Systems \& Control Letters},
  volume={53},
  number={1},
  pages={65--78},
  year={2004},
  publisher={North-Holland}
}

@Article{Kuhn1973,
  author = 	 {H. Kuhn},
  title = 	 {A note on {F}ermat's problem},
  journal =  {Mathematical Programing},
  year = 	 {1973},
  volume =	 {4},
  pages =	 {98--107},
}

@Article{Plastria2011,
  author = 	 {F. Plastria},
  title = 	 {The {W}eiszfeld algorithm: {P}roof, amendments, and extensions},
  journal =  {in {F}oundations of {L}ocation {A}nalysis, {I}nternational Series Operational and Resources Management Science, Springer},
  year = 	 {2011},
  volume =	 {155},
  pages =	 {357--389},
}

@Article{Cortes2007,
  author = 	 {J. Cort\'{e}s},
  title = 	 {Distributed algorithms for reaching consensus on general functions},
  journal =  {Automatica},
  year = 	 {2007},
  volume =	 {44},
  pages =	 {726–-737},
}

@Article{Cortes2006,
  author = 	 {J. Cort\'{e}s},
  title = 	 {Finite-time convergent gradient flows with applications to network consensus},
  journal =  {Automatica},
  year = 	 {2006},
  volume =	 {42},
  pages =	 {1993–-2000},
}

@Article{Bacciotti1999,
  author = 	 {A. Bacciotti and F. Ceragioli},
  title = 	 {Stability and Stabilization of Discontinuous Systems and Nonsmooth Lyapunov Functions},
  journal =  {ESAIM: Control, Optimisation and Calculus of Variations},
  year = 	 {1999},
  volume =	 {4},
  pages =	 {361--376},
}


@Article{Bhat2000,
  author = 	 {S. P. Bhat and D. S. Bernstein},
  title = 	 {Finite-Time Stability of Continuous Autonomous Systems},
  journal =  {SIAM Journal of Control and Optimization},
  year = 	 {1998},
  volume =	 {38},
  number =	 {3},
  pages =	 {751--766},
}

@Article{Bhat1998,
  author = 	 {S. P. Bhat and D. S. Bernstein},
  title = 	 {Continuous Finite-Time Stabilization of the Translational and Rotational Double Integrators},
  journal =  {IEEE Transactions on Automatic Control},
  year = 	 {1998},
  volume =	 {43},
  number =	 {5},
  pages =	 {678--682},
}

@Article{Kang2016,
  author = 	 {Sung-Mo Kang and Hyo-Sung Ahn},
  title = 	 {Design and Realization of Distributed Adaptive Formation Control Law for Multi-agent Systems with Moving Leader},
  journal = 	 {IEEE Trans. on Industrial Electronics},
  year = 	 {2016},
  volume =	 {63},
  number =	 {2},
  pages =	 {1268--1279},
}

@Book{MesbahiEgerstedt,
  author =	 {M. Mesbahi and M. Egerstedt},
  title = 	 {Graph Theoretic Methods in Multiagent Networks},
  address = {Princeton NJ},
  publisher = 	 {Princeton University Press},
  year = 	 {2010},
}


@Conference{Park2016,
  Title                    = {Realization of Distributed Formation Flying Using a Group of Autonomous Quadcopters and Application to Visual Performance Show},
  Author                   = {Myoung-Chul Park and Sung-Mo Kang and Jae-Gyeong Lee and Gwi-Han Ko and Koog-Hwan Oh and Young-Cheol Choi and Ji-Hwan Son and Hyo-Sung Ahn},
  Booktitle                = {Proc. of the 2016 IEEE Transportation Electrification Conference and Expo Asia-Pacific (ITEC), Busan, Korea},
  Year                     = {2016},
  Pages                    = {877--882}
}

@Conference{Sun2014IFAC,
  Title                    = {Finite Time Distance-based Rigid Formation Stabilization and Flocking},
  Author                   = {Z. Sun and S. Mou and M. Deghat and B .D. O. Anderson and A. S. Morse},
  Booktitle                = {Proc. of the 19th IFAC World Congress, Vol. 47, Iss. 3},
  Year                     = {2014},
  Pages                    = {9138--9189}
}

@Conference{Anderson2007,
  Title                    = {Control of directed formations with a leader-first follower structure},
  Author                   = {B. D. O. Anderson and S. Dasgupta and C. Yu},
  Booktitle                = {Proc. of the 46th IEEE Conference on Decision and Control, USA},
  Year                     = {2007},
  Pages                    = {2882--2887}
}

@Article{Anderson2008,
  Title                    = {Rigid graph control architectures for autonomous formations},
  Author                   = {Anderson, B. D. O. and Yu, C. and Fidan, B. and Hendrickx, J. M.},
  Journal                  = {Control Systems Magazine},
  Year                     = {2008},
  Number                   = {6},
  Pages                    = {48--63},
  Volume                   = {28},

  Publisher                = {IEEE}
}

@Article{Cortes2008,
  Title                    = {Discontinuous dynamical systems - {A} tutorial on solutions, nonsmooth analysis, and stability},
  Author                   = {Cort\'{e}s, Jorge},
  Journal                  = {Control Systems Magazine, IEEE},
  Year                     = {2008},
  Number                   = {3},
  Pages                    = {36--73},
  Volume                   = {28},

  Publisher                = {IEEE}
}

@Article{Park2015,
  Title                  = {Stabilisation of directed cycle formations and application to two-wheeled mobile robots},
  Author                 = {M.-C. Park and H.-S. Ahn},
  Year                   = {2015},
  Pages                  = {1338--1346},
  Volume                 = {9},
  Journal                = {IET Control Theory \& Applications}
}

@Article{angel2004,
  Title                    = {An Almost Global Notion of Input to State Stability},
  Author                   = {D. Angeli},
  Journal                  = {IEEE Transactions on Automatic Control},
  Year                     = {2004},
  Number                   = {49},
  Pages                    = {866--874},
  Volume                   = {6},
}

@Article{angeli2011,
  Title                    = {Stability Robustness in the Presence of Exponentially Unstable Isolated Equilibria},
  Author                   = {D. Angeli and L. Praly},
  Journal                  = {IEEE Transactions on Automatic Control},
  Year                     = {2011},
  Number                   = {56},
  Pages                    = {1582--1592},
  Volume                   = {7}
}

@Article{Basiri2010,
  Title                    = {Distributed control of triangular formations with angle-only constraints},
  Author                   = {M. Basiri and A. N. Bishop and P. Jensfelt},
  Journal                  = {Systems \& Control Letters},
  Year                     = {2010},
  Number                   = {2},
  Pages                    = {147--154},
  Volume                   = {59}
}

@Book{Biggs1993,
  Title                    = {Algebraic Graph Theory},
  Author                   = {N. Biggs},
  Publisher                = {CUP},
  Year                     = {1993},
  Edition                  = {Second}
}

@Conference{Bishop2011,
  Title                    = {Distributed bearing-only formation control with four agents and a weak control law},
  Author                   = {A. N. Bishop},
  Booktitle                = {Proc. of the 9th IEEE International Conference on Control \& Automation},
  Year                     = {2011},
  Pages                    = {30--35}
}

@Conference{Bishop2010,
  Title                    = {Bearing-only triangular formation control on the plane and the sphere},
  Author                   = {A. N. Bishop and M. Basiri},
  Booktitle                = {Proc. of the 18th Mediterranean Conference on Control \& Automation (MED), Morocco},
  Year                     = {2010},
  Pages                    = {790--795}
}

@Article{Bishop2014,
  Title                    = {Distributed formation control with relaxed motion requirements},
  Author                   = {A. N. Bishop and M. Deghat and B. D. O. Anderson and Y. Hong},
  Journal                  = {International Journal of Robust and Nonlinear Control},
  Year                     = {2015},
  Number                   = {17},
  Pages                    = {3210--3230},
  Volume                   = {25}
}

@Conference{Bishop2011a,
  Title                    = {Stabilization of Rigid Formations with Direction-Only Constraints},
  Author                   = {A. N. Bishop and I. Shames and B. D. O. Anderson},
  Booktitle                = {Proc. of the 50th IEEE Conference on Decision and Control and European Control Conference, Orlando, Florida},
  Year                     = {2011},
  Pages                    = {746--752}
}

@Article{Briechle2004,
  Title                    = {Localization of a mobile robot using relative bearing measurements},
  Author                   = {K. Briechl and U. D. Hanebeck},
  Journal                  = {IEEE Transactions on Robotics and Automation},
  Year                     = {2004},

  Month                    = {February},
  Number                   = {1},
  Pages                    = {36--44},
  Volume                   = {20}
}

@Conference{Cao2008,
  Title                    = {Control of acyclic formations of mobile autonomous agents},
  Author                   = {M. Cao and B. D. O. Anderson and A. S. Morse and C. Yu},
  Booktitle                = {Proc. of the 47th IEEE Conference on Decision and Control, Cancun, Mexico},
  Year                     = {2008},
  Pages                    = {1187--1192}
}

@Article{Cao2011,
  Title                    = {Maintaining a directed, triangular formation of mobile autonomous agents},
  Author                   = {M. Cao and A. S. Morse and C. Yu and B. D.O. Anderson and S. Dasgupta},
  Journal                  = {Communications in Information and Systems},
  Year                     = {2011},
  Number                   = {1},
  Pages                    = {1--16},
  Volume                   = {11},
}

@Article{Dorfler2010,
  Title                    = {Geometric analysis of the formation problem for autonomous robots},
  Author                   = {F. D\"{o}rfler and B. Francis},
  Journal                  = {IEEE Transactions on Automatic Control},
  Year                     = {2010},
  Number                   = {10},
  Pages                    = {2379--2384},
  Volume                   = {55},

  Volumn                   = {55}
}

@Article{Das2002,
  Title                    = {A Vision-Based Formation Control Framework},
  Author                   = {A. K. Das and R. Fierro and V. Kumar and J. P. Ostrowski and J. Spletzer and C. J. Taylor},
  Journal                  = {IEEE Transactions on Robotics and Automation},
  Year                     = {2002},
  Pages                    = {813--825},
  Volume                   = {18}
}

@Article{Deghat2014TAC,
  Title                    = {Localization and circumnavigation of a slowly moving target using bearing measurements},
  Author                   = {M. Deghat and I. Shames and B. D. O. Anderson and C. Yu},
  Journal                  = {IEEE Transactions on Automatic Control},
  Year                     = {2014},

  Month                    = {August},
  Number                   = {8},
  Pages                    = {2182--2188},
  Volume                   = {59}
}

@inproceedings{eren2006using,
  title={Using angle of arrival (bearing) information in network localization},
  author={Eren, Tolga and Whiteley, Walter and Belhumeur, Peter N},
  booktitle={Decision and Control, 45th IEEE Conference on},
  pages={4676--4681},
  year={2006},
  organization={IEEE}
}

@Article{Eren2012,
  Title                    = {Formation shape control based on bearing rigidity},
  Author                   = {T. Eren},
  Journal                  = {International Journal of Control},
  Year                     = {2012},
  Number                   = {9},
  Pages                    = {1361--1379},
  Volume                   = {85},

  Publisher                = {Taylor \& Francis}
}

@Conference{Franchi2012,
  Title                    = {Decentralized Control of Parallel Rigid Formations with Direction Constraints and Bearing Measurements},
  Author                   = {A. Franchi and P. R. Giordano},
  Booktitle                = {Proc. of the 51st IEEE Conference on Decision and Control, USA},
  Year                     = {2012},
  Month                    = {Dec. 10-13},
  Pages                    = {5310--5317}
}

@Book{Godsil2001,
  Title                    = {Algebraic graph theory},
  Author                   = {C. Godsil and G. Royle},
  Publisher                = {Springer},
  Year                     = {2001}
}

@Article{Grzonka2012,
  Title                    = {A fully autonomous indoor quadrotor},
  Author                   = {S. Grzonka and G. Grisetti and W. Burgard},
  Journal                  = {IEEE Transactions on Robotics},
  Year                     = {2012},
  Pages                    = {90--99},
  Volume                   = {28}
}

@Book{harville1998matrix,
  Title                    = {Matrix Algebra From a Statistician's Perspective},
  Author                   = {David A. Harville},
  Publisher                = {Springer-Verlag, New York},
  Year                     = {1997}
}

@Article{Hendrickx2007,
  Title                    = {Directed graphs for the analysis of rigidity and persistence in autonomous agent systems},
  Author                   = {J. M. Hendrickx and B. D. O. Anderson and J.-C. Delvenne and V. D. Blondel},
  Journal                  = {International Journal of Robust and Nonlinear Control},
  Year                     = {2007},
  Pages                    = {960--981},
  Volume                   = {17}
}

@Book{Horn1990,
  Title                    = {Matrix Analysis},
  Author                   = {R. Horn and C. Johnson},
  Publisher                = {Cambridge University Press},
  Year                     = {1990}
}

@Article{Yuji2009,
  Title                    = {Passivity-Based Attitude Synchronization in {SE(3)}},
  Author                   = {Y. Igarashi and T. Hatanaka and M. Fujita and M. W. Spong},
  Journal                  = {IEEE Transactions on Control Systems Technology},
  Year                     = {2009},
  Number                   = {5},
  Pages                    = {1119--1134},
  Volume                   = {17}
}

@Book{Khalil2002,
  Title                    = {Nonlinear Systems},
  Author                   = {H. K. Khalil},
  Publisher                = {Prentice Hall},
  Year                     = {2002},
  Edition                  = {Third}
}

@Book{khalil1996,
  Title                    = {Nonlinear Systems},
  Author                   = {H. K. Khalil},
  Publisher                = {Prentice Hall},
  Year                     = {1996},
  Edition                  = {Second}
}

@Article{krick2009,
  Title                    = {Stabilisation of infinitesimally rigid formations of multi-robot networks},
  Author                   = {L. Krick and M. E. Broucke and B. A. Francis},
  Journal                  = {International Journal of Control},
  Year                     = {2009},
  Number                   = {3},
  Pages                    = {423--439},
  Volume                   = {82},

  Publisher                = {Taylor \& Francis}
}

@Conference{Loizou2007,
  Title                    = {Biologically inspired bearing-only navigation and tracking},
  Author                   = {S. G. Loizou and V. Kumar},
  Booktitle                = {Proc. of the 46th IEEE Conference on Decision and Control (CDC), New Orleans, LA, USA},
  Year                     = {2007},
  Pages                    = {1386--1391}
}

@Conference{Mejias2011,
  Title                    = {Omnidirectional bearing-only see-and-avoid for small aerial robots},
  Author                   = {L. Mejias and I. F. M. Pascual Campoy},
  Booktitle                = {Proc. of the 5th International Conference on Automation, Robotics and Applications},
  Year                     = {2011},
  Pages                    = {23--28}
}

@Article{montijano2016,
  Title                    = {Vision-Based Distributed Formation Control Without an External Positioning System},
  Author                   = {E. Montijano and E. Cristofalo and D. Zhou and M. Schwager and C. Sagues},
  Journal                  = {IEEE Transactions on Robotics},
  Year                     = {2016},
  Number                   = {2},
  Pages                    = {339--351},
  Volume                   = {32},

  Publisher                = {IEEE}
}

@Conference{Mori2013,
  Title                    = {First results in detecting and avoiding frontal obstacles from a monocular camera for micro unmanned aerial vehicles},
  Author                   = {T. Mori and S. Scherer},
  Booktitle                = {Proc. of the 2013 IEEE International Conference on Robotics and Automation (ICRA)},
  Year                     = {2013},
  Pages                    = {1750--1757}
}

@Article{Moshtagh2009,
  Title                    = {Vision-Based, Distributed Control Laws for Motion Coordination of Nonholonomic Robots},
  Author                   = {N. Moshtagh and N. Michael and A. Jadbabaie and K. Daniilidis},
  Journal                  = {IEEE Transactions on Robotics},
  Year                     = {2009},
  Pages                    = {851--860},
  Volume                   = {25}
}

@Conference{Mou2011,
  Title                    = {A distributed control law for acyclic formations},
  Author                   = {S. Mou and M. Cao and A. S. Morse},
  Booktitle                = {Proc. of the 18th IFAC World Congress, Italy},
  Year                     = {2011},
  Pages                    = {7818--7823}
}

@Conference{oh2014iccas,
  Title                    = {Formation control of rigid bodies based on orientation alignment and position estimation},
  Author                   = {K.-K. Oh and H.-S. Ahn},
  Booktitle                = {Proc. of the 14th International Conference on Control, Automation and Systems (ICCAS 2014), Korea},
  Year                     = {2014},
  Pages                    = {740--744}
}

@Article{oh2014tac,
  Title                    = {Formation control and network localization via orientation alignment},
  Author                   = {K.-K. Oh and H.-S. Ahn},
  Journal                  = {IEEE Transactions on Automatic Control},
  Year                     = {2014},
  Number                   = {2},
  Pages                    = {540--545},
  Volume                   = {59}
}

@Article{Oh2011,
  Title                    = {Formation control of mobile agents based on inter-agent distance dynamics},
  Author                   = {K.-K. Oh and H.-S. Ahn},
  Journal                  = {Automatica},
  Year                     = {2011},
  Pages                    = {2306--2312},
  Volume                   = {47}
}

@Article{Oh2015,
  Title                    = {A survey of multi-agent formation control},
  Author                   = {K.-K. Oh and M.-C. Park and H.-S. Ahn},
  Journal                  = {Automatica},
  Year                     = {2015},
  Pages                    = {424--440},
  Volume                   = {53}
}

@Article{sarlette2009,
  Title                    = {Consensus Optimization on Manifolds},
  Author                   = {A. Sarlette and R. Sepulchre},
  Journal                  = {SIAM Journal of Control and Optimization},
  Year                     = {2009},
  Number                   = {1},
  Pages                    = {56--76},
  Volume                   = {48}
}

@Article{luca2009autom,
  Title                    = {Synchronization in networks of identical linear systems},
  Author                   = {L. Scardovi and R. Sepulchre},
  Journal                  = {Automatica},
  Year                     = {2009},
  Number                   = {11},
  Pages                    = {2557--2562},
  Volume                   = {45}
}

@Conference{Eric2015,
  Title                    = {Efficient Leader Selection for Translation and Scale of a Bearing-Compass Formation},
  Author                   = {E. Schoof and A. Chapman and M. Mesbahi},
  Booktitle                = {Proc. of the IEEE Robotics and Automation (ICRA 2015)},
  Year                     = {2015},
  Pages                    = {1816--1821}
}

@Conference{Eric2014,
  Title                    = {Bearing-Compass Formation Control: A Human-Swarm Interaction Perspective},
  Author                   = {E. Schoof and A. Chapman and M. Mesbahi},
  Booktitle                = {Proc. of the 2014 American Control Conference},
  Year                     = {2014},
  Pages                    = {3881--3886}
}

@Article{Seibert1990,
  Title                    = {Global stabilization of nonlinear cascade systems},
  Author                   = {P. Seibert and R. Suarez},
  Journal                  = {Systems \& Control Letters},
  Year                     = {1990},
  Number                   = {4},
  Pages                    = {347--352},
  Volume                   = {14}
}

@Article{Shevitz1994,
  Title                    = {Lyapunov stability theory of nonsmooth systems},
  Author                   = {D. Shevitz and B. Paden},
  Journal                  = {IEEE Transactions on Automatic Control},
  Year                     = {1994},
  Number                   = {9},
  Pages                    = {1910--1914},
  Volume                   = {39}
}

@Article{Sontag1996,
  Title                    = {New characterizations of Input-to-State stability},
  Author                   = {E. D. Sontag},
  Journal                  = {IEEE Transactions on Automatic Control},
  Year                     = {1996},
  Number                   = {9},
  Pages                    = {1283--1294},
  Volume                   = {41},

  Volumn                   = {41}
}

@Article{Sontag1995,
  Title                    = {On characterizations of the input-to-state stability property},
  Author                   = {E. D. Sontag and Y. Wang},
  Journal                  = {Systems \& Control Letters},
  Year                     = {1995},
  Number                   = {5},
  Pages                    = {351--359},
  Volume                   = {24},

  Volumn                   = {24}
}

@Article{Sullivan2006,
  Title                    = {Evolution or {R}evolution{?}: {T}he rise of {UAV}s},
  Author                   = {J. M. Sullivan},
  Journal                  = {IEEE Technology and Society Magazine},
  Year                     = {2006},
  Number                   = {3},
  Pages                    = {43--49},
  Volume                   = {25}
}

@Article{Summers2011,
  Title                    = {Control of Minimally Persistent Leader-Remote-Follower and Coleader Formations in the plane},
  Author                   = {T. H. Summers and C. Yu and S. Dasgupta and B.D.O. Anderson},
  Journal                  = {IEEE Transaction on Automatic Control},
  Year                     = {2011},
  Pages                    = {2778--2792},
  Volume                   = {56}
}

@Article{zhiyong2016,
  Title                    = {Exponential stability for formation control systems with generalized controllers: {A} unified approach},
  Author                   = {Z. Sun and S. Mou and B. D. O. Anderson and Ming Cao},
  Journal                  = {Systems \& Control Letters},
  Year                     = {2016},
  Number                   = {5},
  Pages                    = {50--57},
  Volume                   = {93},

  Publisher                = {North-Holland}
}

@Article{Sunda2004,
  Title                    = {Local and Global Asymptotic Stability of Nonlinear Cascade Interconnected Systems},
  Author                   = {V. Sundarapandian},
  Journal                  = {Mathematical and Computer Modelling},
  Year                     = {2004},
  Pages                    = {227--232},
  Volume                   = {40}
}

@Conference{thunberg2012,
  Title                    = {Distributed Attitude Synchronization Control of Multi-Agent Systems with Directed Topologies},
  Author                   = {J. Thunberg and W. Song and X. Hu},
  Booktitle                = {Proc. of the 10th World Congress on Intelligent Control and Automation, Beijing, China},
  Year                     = {2012},
  Pages                    = {958--963}
}

@Article{thunberg2014aut,
  Title                    = {Distributed attitude synchronization control of multi-agent systems with switching topologies},
  Author                   = {J. Thunberg and W. Song and E. Montijano and Y. Hong and X. Hu},
  Journal                  = {Automatica},
  Year                     = {2014},
  Number                   = {3},
  Pages                    = {832--840},
  Volume                   = {50},

  Publisher                = {Elsevier}
}

@Conference{Zhao2017cdc,
  Title                    = {Laman Graphs are Generically Bearing Rigid in Arbitrary Dimensions},
  Author                   = {S. Zhao and Z. Sun and D. Zelazo and M. H. Trinh and H.-S. Ahn},
  Booktitle                = {Proc. of the 56th Conference on Decision and Control (CDC 2017), Melbourne, Australia},
  Year                     = {2017},
  Pages                    = {3356--3361}
}

@Article{Tian2013,
  Title                    = {Global stabilization of rigid formations in the plane},
  Author                   = {Y.-P. Tian and Q. Wang},
  Journal                  = {Automatica},
  Year                     = {2013},
  Pages                    = {1436--1441},
  Volume                   = {49}
}

@Article{Trinh2016CEP,
  Title                    = {Guidance using bearing-only measurements with three beacons in the plane},
  Author                   = {M. H. Trinh and G.-H. Ko and V. H. Pham and K.-K. Oh and H.-S. Ahn},
  Journal                  = {Control Engineering Practice},
  Year                     = {2016},
  Pages                    = {81--91},
  Volume                   = {51}
}

@Article{TrinhAut2015,
  Title                    = {The {F}ermat-{W}eber Location Problem in Single Integrator Dynamics Using Only Local Bearing Angles},
  Author                   = {M. H. Trinh and B.-H. Lee and H.-S. Ahn},
  Journal                  = {Automatica},
  Year                     = {2015},
  Pages                    = {90--96},
  Volume                   = {59}
}

@Conference{Trinh2014CN,
  Title                    = {Angle-based control of directed acyclic formations with three-leaders},
  Author                   = {M. H. Trinh and K.-K. Oh and H.-S. Ahn},
  Booktitle                = {Proc. of the 2014 IEEE International Conference on Mechatronics and Control (ICMC), China},
  Year                     = {2014},
  Pages                    = {2268--2271}
}

@Conference{Trinh2014VN,
  Title                    = {Control of an mobile agent using only bearing measurements in triangular region},
  Author                   = {M. H. Trinh and K.-K. Oh and H.-S. Ahn},
  Booktitle                = {Proc. of the 7th IEEE Symposium on Computational Intelligence for Security and Defense Applications, Hanoi, Vietnam},
  Year                     = {2014}
}

@Conference{Minh2016_ifaclss,
  Title                    = {Bearing-only control of leader first follower formations},
  Author                   = {M. H. Trinh and K.-K. Oh and K. Jeong and Hyo-Sung Ahn},
  Booktitle                = {Proc. of the 14th {IFAC} Symposium on Large Scale Complex Systems: {T}heory and {A}pplications},
  Year                     = {2016},
  Pages                    = {7--12}
}

@Conference{Tron2015,
  Title                    = {Rigid components identification and rigidity control in bearing-only localization using the graph cycle basis},
  Author                   = {R. Tron and L. Carlone and F. Dellaert and K. Daniilidis},
  Booktitle                = {Prof. of the American Control Conference},
  Year                     = {2015},
  Pages                    = {3911--3918}
}

@Book{Whiteley1996,
  Title                    = {Some matroids from discrete applied geometry},
  Author                   = {W. Whiteley},
  Publisher                = {AMS},
  Year                     = {1996},
  Series                   = {Contemporary Mathematics, Vol. 137}
}

@Book{Wiggins1990,
  Title                    = {Introduction to Applied Nonlinear Dynamical Systems and Chaos},
  Author                   = {S. Wiggins},
  Publisher                = {Springer-Verlag},
  Year                     = {1990}
}

@Conference{Ye2013,
  Title                    = {Multiagent self-localization using bearing only measurements},
  Author                   = {M. Ye and B. D. O. Anderson and C. Yu},
  Booktitle                = {Proc. of the 52nd IEEE Conference on Decision and Control, Florence, Italy},
  Year                     = {2013},
  Pages                    = {2157--2162}
}

@Article{Yu2009,
  Title                    = {Control of Minimally Persistent Formations in the Plane},
  Author                   = {C. Yu and B. D. O. Anderson and S. Dasgupta and B. Fidan},
  Journal                  = {SIAM Journal of Control and Optimization},
  Year                     = {2009},
  Number                   = {1},
  Pages                    = {206--233},
  Volume                   = {48}
}

@Conference{Zelazo2015,
  Title                    = {Formation control using a {SE(2)} rigidity theory},
  Author                   = {D. Zelazo and P. R. Giordano and A. Franchi},
  Booktitle                = {Proc. of the 54th IEEE Conference on Decision and Control (CDC)},
  Year                     = {2015},
  Month                    = {15-18},
  Pages                    = {6121--6126}
}

@Article{zhao2014ijc,
  Title                    = {Finite-time stabilisation of cyclic formations using bearing-only measurements},
  Author                   = {Zhao, S. and Lin, F. and Peng K. and Chen, B. M. and Lee, T. H.},
  Journal                  = {International Journal of Control},
  Year                     = {2014},
  Number                   = {4},
  Pages                    = {715--727},
  Volume                   = {87}
}

@Article{meng2016aut,
  Title                    = {Formation control with mismatched compasses},
  Author                   = {Z. Meng and B. D. O. Anderson and S. Hirche},
  Journal                  = {Automatica},
  Year                     = {2016},
  Pages                    = {232--241},
  Volume                   = {69}
}

@Article{Chen2014,
  Title                    = {Finite-time stabilization of cyclic formations using bearing-only measurements},
  Author                   = {S. Zhao and F. Lin and K. Peng and B. M. Chen and T. H. Lee},
  Journal                  = {International Journal of Control},
  Year                     = {2014},
  Number                   = {4},
  Pages                    = {715--727},
  Volume                   = {87}
}

@Article{Zhao2014,
  Title                    = {Distributed control of angle-constrained cyclic formations using bearing-only measurements},
  Author                   = {S. Zhao and F. Lin and K. Peng and B. M. Chen and T. H. Lee},
  Journal                  = {Systems \& Control Letters},
  Year                     = {2014},
  Pages                    = {12--24},
  Volume                   = {63}
}

@Article{zhao2016aut,
  Title                    = {Localizability and distributed protocols for bearing-based network localization in arbitrary dimensions},
  Author                   = {S. Zhao and D. Zelazo},
  Journal                  = {Automatica},
  Year                     = {2016},
  Pages                    = {334--341},
  Volume                   = {69}
}
@article{moshtagh2009vision,
  title={Vision-based, distributed control laws for motion coordination of nonholonomic robots},
  author={Moshtagh, Nima and Michael, Nathan and Jadbabaie, Ali and Daniilidis, Kostas},
  journal={IEEE Transactions on Robotics},
  volume={25},
  number={4},
  pages={851--860},
  year={2009},
  publisher={IEEE}
}
@Conference{Zhao2015CDC,
  Title                    = {Bearing-based formation stabilization with directed interaction topologies},
  Author                   = {S. Zhao and D. Zelazo},
  Booktitle                = {Proc. of the 54th IEEE Conference on Decision and Control},
  Year                     = {2015},
  Pages                    = {6115 - 6120}
}

@Conference{Zhao2015MSC,
  Title                    = {Bearing-based formation maneuvering},
  Author                   = {Zhao, S. and Zelazo, D.},
  Booktitle                = {Proc. of the 2015 IEEE International Symposium on Intelligent Control},
  Year                     = {2015},
  Pages                    = {658--663}
}

@Article{zhao2015tac,
  Title                    = {Bearing rigidity and almost global bearing-only formation stabilization},
  Author                   = {Zhao, S. and Zelazo, D.},
  Journal                  = {IEEE Transactions on Automatic Control},
  Year                     = {2016},
  Number                   = {5},
  Pages                    = {1255--1268},
  Volume                   = {61}
}

@Article{ZhaoRot,
  Title                    = {Translational and Scaling Formation Maneuver Control via a Bearing-Based Approach},
  Author                   = {S. Zhao and D. Zelazo},
  Journal                  = {IEEE Transactions on the Control of Network Systems},
  Year                     = {2015},
  Pages                    = {1--10},
  Volume                   = {early access}
}

@Conference{schiano2016rigidity,
  title={A Rigidity-Based Decentralized Bearing Formation Controller for Groups of Quadrotor {UAV}s},
  author={Schiano, Fabrizio and Franchi, Antonio and Zelazo, Daniel and Giordano, Paolo Robuffo},
  booktitle={Proc. of the 2016 IEEE/RSJ International Conference on Intelligent Robots and Systems (IROS 2016)},
  year={2016}
}

@Conference{Michieletto2016,
  title={Bearing rigidity theory in {SE}(3)},
  author={G. Michieletto and A. Cenedese and A. Franchi},
  booktitle={Proc. of the 55th IEEE Conference on Decision and Control (CDC' 2016), Las Vegas, USA},
  year={2016}
}

@article{tron2016distributed,
  title={A Distributed Optimization Framework for Localization and Formation Control: Applications to Vision-Based Measurements},
  author={Tron, Roberto and Thomas, Justin and Loianno, Giuseppe and Daniilidis, Kostas and Kumar, Vijay},
  journal={Control Systems Magazine},
  volume={36},
  number={4},
  pages={22--44},
  year={2016},
  publisher={IEEE}
}

@Conference{TrinhIJRNC2017,
  title={Formations of Cycle Digraph with Bearing-only Measurements},
  author={M. H. Trinh and D. Mukherjee and D. Zelazo and H.-S. Ahn},
  note  = {\emph{accepted to International Journal of Robust and Nonlinear Control}, 2017},
  year={2017}
}

@Conference{TrinhIFAC2017,
  Title               = {Planar Bearing-only Cyclic Pursuit for Target Capture},
  Author              = {M. H. Trinh and D. Mukherjee and D. Zelazo and H.-S. Ahn},
  Booktitle           ={Proc. of the 20th IFAC World Congress, Toulouse, France},
  Year                = {2017},
  Pages                ={10553--10558},
}

@Conference{Murkherjee2017,
  Title                    = {Bearing-only Cyclic Pursuit in 2-D for Capture of Moving Target},
  Author                   = {D. Mukherjee and M. H. Trinh and D. Zelazo and H.-S. Ahn},
  Booktitle                = {57th Israel Annual Conference on Aerospace Science},
  Year                     = {2017},
  Pages                    = {pp},
  Address = {Israel},
  Publisher                = {IEEE},
}
@Unpublished{Trinh2018acc,
author = {M. H. Trinh and D. Zelazo and Q. V. Tran and H-S. Ahn},
title = {Pointing Consensus for Rooted Out-Branching Graphs},
note = {submitted to American Control Conference, Milwaukee, WI, 2018}
}
